@INPROCEEDINGS{Rose1998,
    author = {Kenneth Rose},
    title = {Deterministic Annealing for Clustering, Compression, Classification, Regression, and Related Optimization Problems},
    booktitle = {Proceedings of the IEEE},
    year = {1998},
    pages = {2210--2239}
}


@book{PressEtAl2007,
 author = {Press, William H. and Teukolsky, Saul A. and Vetterling, William T. and Flannery, Brian P.},
 title = {Numerical Recipes 3rd Edition: The Art of Scientific Computing},
 year = {2007},
 isbn = {0521880688, 9780521880688},
 edition = {3},
 publisher = {Cambridge University Press},
 address = {New York, NY, USA},
} 

@book{Bishop2006,
 author = {Bishop, Christopher M.},
 title = {Pattern Recognition and Machine Learning (Information Science and Statistics)},
 year = {2006},
 isbn = {0387310738},
 publisher = {Springer-Verlag New York, Inc.},
 address = {Secaucus, NJ, USA},
} 

@Article{BellSejnowski1997,
  author = 	 {Bell, Anthony J. and Sejnowski, Terry J.},
  title = 	 {The "independent components" of natural scenes are edge filters.},
  journal = 	 {Vision Res},
  year = 	 {1997},
  volume = 	 {37},
  number = 	 {23},
  pages = 	 {3327-38}
}


@Article{BellSejnowski1995,
  author = 	 {A. J. Bell and T. J. Sejnowski},
  title = 	 {An information-maximization approach to blind separation and blind deconvolution.},
  journal = 	 {Neural Comput},
  year = 	 {1995},
  volume = 	 {7},
  number = 	 {6},
  pages = 	 {1129-59}
}

@book{AmariEtAl2007,
  title={Methods of Information Geometry},
  author={Amari, S. and Nagaoka, H. and Harada, D.},
  isbn={9780821843024},
  lccn={00059362},
  series={Translations of mathematical monographs},
  url={https://encrypted.google.com/books?id=pCG9ngEACAAJ},
  year={2007},
  publisher={American Mathematical Society}
}


@article{ZieheEtAl2004,
  author    = {Andreas Ziehe and
               Pavel Laskov and
               Guido Nolte and
               Klaus-Robert M{\"u}ller},
  title     = {A Fast Algorithm for Joint Diagonalization with Non-orthogonal
               Transformations and its Application to Blind Source Separation},
  journal   = {Journal of Machine Learning Research},
  volume    = {5},
  year      = {2004},
  pages     = {777-800}
}

@article{VollgrafObermayer2006,
  author    = {Roland Vollgraf and
               Klaus Obermayer},
  title     = {Quadratic optimization for simultaneous matrix diagonalization},
  journal   = {IEEE Transactions on Signal Processing},
  volume    = {54},
  number    = {9},
  year      = {2006},
  pages     = {3270-3278}
}

@Article{StetterEtAl2000,
  author = 	{Stetter, M.
		and Schiessl, I.
		and Otto, T.
		and Sengpiel, F.
		and H{\"u}bener, M.
		and Bonhoeffer, T.
		and Obermayer, K.},
  title = 	{Principal component analysis and blind separation of sources for optical imaging of intrinsic signals.},
  journal = 	{NeuroImage},
  year = 	{2000},
  month = 	{May},
  address = 	{Department of Computer Science, Technical University of Berlin, FR2-1, Berlin, Franklinstrasse 28/29, D-10587, Germany.},
  volume = 	{11},
  number = 	{5 Pt 1},
  pages = 	{482--490}
}

@incollection{Hyvaerinen1997,
title = {New Approximations of Differential Entropy for Independent Component Analysis and Projection Pursuit},
author = {Aapo Hyv\"{a}rinen},
booktitle = {Advances in Neural Information Processing Systems 10},
editor = {M.I. Jordan and M.J. Kearns and S.A. Solla},
pages = {273--279},
year={1998}
}

@Article{Hyvaerinen1999,
  author = 	{Hyv{\"a}rinen, A.},
  title = 	{Fast and robust fixed-point algorithms for independent component analysis.},
  journal = 	{IEEE transactions on neural networks / a publication of the IEEE Neural Networks Council},
  year = 	{1999},
  address = 	{Helsinki University of Technology, Laboratory of Computer and Information Science, FIN-02015 HUT, Finland.},
  volume = 	{10},
  number = 	{3},
  pages = 	{626--634}
}

@Book{HyvaerinenEtAl2001, 
   author = 	 {Aapo Hyv{\"a}rinen and Juha Karhunen and Erkki Oja}, 
   title = 	 {Independent Component Analysis}, 
   publisher = 	 {New York: Wiley}, 
   year =  	 {2001} 
 }

@Article{HyvaerinenOja2000,
  author = 	{Hyv{\"a}rinen, A.
		and Oja, E.},
  title = 	{Independent component analysis: algorithms and applications.},
  journal = 	{Neural networks : the official journal of the International Neural Network Society},
  year = 	{2000},
  month = 	{May/Jun},
  address = 	{Neural Networks Research Centre, Helsinki University of Technology, Finland. aapo.hyvarinen@hut.fi},
  volume = 	{13},
  number = 	{4-5},
  pages = 	{411--430}
}

@incollection{BilbroEtAl1989,
title = {Optimization by Mean Field Annealing},
author = {Griff L. Bilbro and Reinhold Mann and Thomas K. Miller and Wesley E. Snyder and David E. van den Bout and Mark W. White},
booktitle = {Advances in Neural Information Processing Systems 1},
editor = {D.S. Touretzky},
year = {1989},
pages = {91--98}
}


@article{LangeEtAl2004,
	title = {Stability-Based Validation of Clustering Solutions},
	volume = {16},
	issn = {0899-7667},
	url = {http://dx.doi.org/10.1162/089976604773717621},
	doi = {10.1162/089976604773717621},
	number = {6},
	urldate = {2014-06-18},
	journal = {Neural Computation},
	author = {Lange, Tilman and Roth, Volker and Braun, Mikio L. and Buhmann, Joachim M.},
	month = jun,
	year = {2004},
	pages = {1299--1323}
}


@article{RoseEtAl1990,
  author = {Rose, Kenneth and Gurewitz, Eitan and Fox, Geoffrey},
  ee = {http://dx.doi.org/10.1016/0167-8655(90)90010-Y},
  journal = {Pattern Recognition Letters},
  keywords = {dblp},
  number = 9,
  pages = {589-594},
  title = {A deterministic annealing approach to clustering.},
  url = {http://dblp.uni-trier.de/db/journals/prl/prl11.html#RoseGF90},
  volume = 11,
  year = 1990
}

@Article{RoweisSaul2000,
  author = 	 {S T Roweis and L K Saul},
  title = 	 {Nonlinear dimensionality reduction by locally linear embedding.},
  journal = 	 {Science},
  year = 	 {2000},
  volume = 	 {290},
  number = 	 {5500},
  pages = 	 {2323-6}
}


@Article{TenenbaumEtAl2000,
  author = 	 {J B Tenenbaum and V de Silva and J C Langford},
  title = 	 {A global geometric framework for nonlinear dimensionality reduction.},
  journal = 	 {Science},
  year = 	 {2000},
  volume = 	 {290},
  number = 	 {5500},
  pages = 	 {2319-23}
}

@article{Luxburg2010,
doi = {10.1561/2200000008},
pages = {235-274},
number = {3},
volume = {2},
journal = {Foundations and TrendsÂ® in Machine Learning},
issn = {1935-8237},
author = {Ulrike von Luxburg},
url = {http://dx.doi.org/10.1561/2200000008},
year = {2010},
title = {Clustering Stability: An Overview}
}


@article{GraepelObermayer1999,
	title = {A Stochastic Self-Organizing Map for Proximity Data},
	volume = {11},
	issn = {0899-7667},
	url = {http://dx.doi.org/10.1162/089976699300016854},
	doi = {10.1162/089976699300016854},
	number = {1},
	urldate = {2014-07-04},
	journal = {Neural Computation},
	author = {Graepel, Thore and Obermayer, Klaus},
	month = jan,
	year = {1999},
	pages = {139--155}
}

@book{Rao1973,
  author = {Rao, C. Radhakrishna},
  doi = {10.1002/9780470316436},
  publisher = {Wiley},
  title = {Linear statistical inference and its applications},
  year = {1973}
}

@article{Amari1998,
  title={Natural gradient works efficiently in learning},
  author={Amari, S.},
  journal={Neural computation},
  volume={10},
  number={2},
  pages={251--276},
  year={1998},
  publisher={MIT Press}
}

@book{Kohonen2001,
  title={Self-Organizing Maps},
  author={Kohonen, T.},
  isbn={9783540679219},
  lccn={00052663},
  series={Physics and astronomy online library},
  year={2001},
  publisher={Springer Berlin Heidelberg}
}

@article{HofmannBuhmann1997,
  author = {Thomas Hofmann and Joachim M. Buhmann},
  title = {Pairwise Data Clustering by Deterministic Annealing},
  journal = {IEEE Transactions on Pattern Analysis and Machine Intelligence},
  year = {1997},
  volume = {19},
  number = {1},
  pages = {1-14}
}
